2759 4709
418 460 476 524 tro
540 430 1083 508 touwronttcnurxrtt

424 618 497 670 tum
520 603 664 671 maxime
687 603 724 670 in
741 595 903 696 republica
928 593 1137 698 gubernande
1151 601 1205 672 'te

425 698 570 799 gerendo
585 699 784 800 magistratu.
835 703 951 772 Cetera
975 697 1016 771 ad
1032 705 1125 771 unius
1134 699 1207 799 ple-

330 861 338 872 .
424 829 564 901 rumque
576 809 739 900 pertinent
752 827 842 890 rem3
858 800 1058 901 magistratus
1080 827 1207 900 propo·

425 903 516 978 fitam
541 908 634 976 habet
658 929 876 976 communem
890 903 1058 976 utilitatem
1074 909 1209 976 univer·

267 1049 276 1074 ι
424 1001 640 1090 succinimus,
665 1025 701 1077 ut
715 1007 780 1078 hoc
795 1002 974 1105 diligentius
987 1002 1147 1105 gerendus
1156 1004 1208 1090 srt,

199 1215 230 1274 ἁ
243 1229 299 1289 qua
304 1211 411 1272 mentis

198 1293 354 1366 praecipue

195 1513 285 1600 beant
298 1533 331 1575 m
350 1531 409 1573 ma·

270 1599 319 1646 atu
339 1605 391 1664 pu·

219 1661 278 1749 lieo
290 1661 392 1726 consti·

196 1745 267 1821 orn

199 2649 408 2714 Thenrissotlir

407 1110 492 1210 'quo
508 1109 615 1208 plures
629 1103 719 1191 sunt,
734 1133 877 1206 quorum
892 1106 938 1179 eil
948 1103 1039 1179 causa
1052 1107 1209 1179 eonstitu-

426 1229 487 1284 tut.
536 1214 591 1294 Et,
607 1229 642 1281 ut
656 1205 826 1310 expressius
836 1227 939 1282 totam
952 1212 1035 1280 hane
1043 1195 1209 1282 rationem

427 1313 604 1413 intelligas,
628 1307 720 1396 sunt,
742 1316 798 1412 qui
817 1329 949 1411 putent,
978 1313 1153 1384 hominem
1171 1317 1208 1384 in

429 1418 614 1517 magistratu
639 1413 780 1513 positum
811 1419 855 1485 ita
877 1418 970 1514 pingi
999 1419 1036 1487 ὅ(
1063 1415 1208 1514 exprimi

427 1535 600 1617 oportere,
614 1536 651 1588 ut
663 1515 750 1587 nulla
764 1539 837 1614 pars
853 1519 999 1614 corporis
1016 1533 1107 1590 vacet
1132 1514 1209 1587 offi-

425 1626 488 1696 cio.
538 1622 688 1690 Primum
696 1617 839 1690 frontem
851 1614 1027 1717 adtempus
1035 1617 1208 1718 effingunt,

425 1715 1209 1820 utlenisxporrettatnfi1adendo,aspera,rugo.

425 1823 470 1910 sa,
485 1827 652 1907 tetrice,in
669 1817 859 1907 iudicando,
874 1847 972 1921 quem
986 1825 1021 1894 &
1036 1819 1209 1896 observare
1282 1875 1283 1920 ;

424 1929 503 2001 boni
510 1924 827 2025 poffintttimprobi
841 1919 1028 1996 formidare.
1080 1923 1208 2024 Vigiles

424 2022 1207 2124 fintoouli&circumspieientee,modeslitemen,
1282 2081 1283 2086 1

423 2158 485 2214 uec
500 2128 605 2232 quales
619 2128 813 2228 Hypericles
842 2133 878 2200 in
900 2125 1062 2228 Sophocle
1086 2124 1213 2228 depre⁴

425 2231 556 2318 hendit',
570 2237 623 2304 cui
638 2237 789 2331 proxime
807 2225 970 2304 sedentem
985 2234 1114 2331 egregia
1131 2227 1205 2303 for-

423 2364 479 2410 me
500 2342 653 2408 iuvenem
674 2330 836 2417 laudanti,
856 2350 1017 2434 oportet,
1029 2335 1156 2434 inquit,
1182 2359 1216 2404 o,

423 2436 615 2540 Sophocles,
632 2441 791 2508 Praetoris
807 2461 876 2507 non
890 2431 996 2506 solnm
1004 2459 1134 2526 manus,
1150 2429 1212 2508 sets

424 2548 524 2614 etiam
540 2539 673 2622 oculos,
696 2542 892 2610 continentes
919 2530 991 2612 else.
1041 2534 1241 2611 Laudatur*

423 2641 504 2718 illud
519 2639 753 2713 Themistoclis
766 2637 944 2724 decreturi,
961 2664 1028 2738 quo
1034 2639 1208 2738 megisba.

198 2728 355 2820 &tm
422 2765 473 2820 tus
489 2740 602 2817 aludis
617 2743 824 2826 arcebantur,
844 2767 886 2814 ne
901 2740 1079 2840 respublica
1093 2737 1212 2814 ludere

394 2897 398 2904 ·
423 2843 490 2948 ipsa
504 2843 679 2921 videretur.
730 2847 840 2916 Etiam
856 2847 891 2916 in
906 2867 943 2916 ee
965 2847 1091 2916 ciuitate
1114 2863 1208 2916 vetur

424 2942 623 3021 consuetudo
645 2942 703 3016 (lin
723 2952 843 3030 tenuit,
865 2970 908 3018 ne
928 2950 1085 3017 minirum
1102 2942 1208 3017 aditur

424 3043 502 3126 eilet
523 3047 561 3120 in
580 3050 743 3120 theatrum
762 3053 799 3120 ἀ
816 3042 963 3132 scenam,
986 3045 1046 3119 nili
1068 3045 1205 3122 honesta
1281 3101 1282 3104 ,

316 3194 322 3225 .=
423 3147 675 3228 modulantibus.
727 3146 825 3251 Qod
838 3145 1204 3232 eadeceusesrciebent,

425 3283 480 3339 ne,
494 3259 551 3357 qui
565 3247 709 3326 essentin
723 3249 915 3351 spedlaeulo,
930 3249 1133 3354 magiſtratus
1146 3277 1205 3351 pa·
1281 3301 1282 3310 κ

423 3383 505 3432 rum
518 3354 645 3432 honesti
658 3350 848 3455 spoliatores
862 3355 986 3428 fierent.
1037 3358 1114 3455 Ego
1122 3377 1204 3426 reto

342 3479 349 3490 '
424 3483 496 3532 non
509 3485 550 3531 eo
564 3477 597 3532 te
611 3457 830 3559 augustiarum
844 3456 1079 3556 compulerim,
1100 3474 1140 3527 ut
1153 3460 1203 3528 ni-

422 3556 613 3658 hilspesiet.
663 3562 754 3633 Nrm
768 3555 804 3632 id
822 3565 924 3632 moris
947 3556 1003 3632 diu
1025 3557 1088 3643 est,
1114 3553 1203 3660 quod

421 3655 586 3740 obsolevit.
661 3667 788 3735 Verum
814 3687 858 3734 ne
886 3658 954 3734 stne
988 3666 1144 3764 gravitate
1167 3665 1204 3734 ἀ

423 3759 582 3838 modestia
612 3757 752 3864 speeies,
771 3765 853 3876 lroc
879 3757 985 3865 ipsum
1021 3763 1089 3850 est,
1115 3757 1203 3863 quod

1109 3889 1197 3974 ree·
