2759 4709
367 487 476 577 724
530 451 1077 531 10..ANTON1'1cnu1²nNt

427 625 539 692 iiciunt
556 623 800 702 humanitatem,
816 623 915 692 etiarn
931 623 966 688 in
982 643 1019 698 re
1035 620 1138 704 tenui,
1152 645 1211 692 no·

427 749 509 792 vum
526 718 657 822 aliquod
670 717 817 820 supplicii
833 745 931 820 genus
947 726 1141 819 excogitant,
1163 719 1210 792 fa·

332 830 335 843 '
428 824 481 894 &a
504 821 686 923 infestaque
702 840 903 922 extorquent.
953 825 980 892 Ii
1026 847 1065 894 ro
1088 822 1212 922 palma-

427 951 480 996 rio
492 925 620 1008 habeut
636 923 746 996 mulus
754 848 1032 995 οιιιιιιιιιιιιιιιιιιιΡ
1085 924 1254 1026 Qubus-

421 1023 503 1127 quid
518 1023 696 1098 crudelius?
720 1045 839 1098 utnon
861 1021 964 1098 modo
987 1025 1210 1126 gubernaculis

428 1127 755 1226 renunpublicarum,
764 1123 921 1198 sedetiam
936 1132 996 1198 vita
1011 1123 1134 1227 indigni
1143 1123 1211 1200 else

426 1227 603 1304 rideantur.
654 1231 797 1303 Romam
805 1250 925 1301 veteres
939 1230 1106 1350 negabant,
1122 1227 1209 1300 eisas

429 1327 493 1402 effe
508 1310 639 1405 lucem
628 1336 757 1414 intueri,
774 1335 829 1450 qui
852 1333 1023 1402 hominem
1045 1335 1110 1402 vita
1131 1317 1285 1429 spo

427 1428 535 1509 lialset
592 1437 663 1505 Nec
678 1459 787 1532 snagin
779 1430 922 1522 refert,
938 1431 1010 1532 lege
1024 1459 1208 1534 quenquam

422 1533 566 1618 occidas,
582 1563 623 1606 an
639 1553 749 1606 contra
766 1515 921 1636 legemr
898 1519 921 1605 fi
936 1532 1040 1610 modo
1055 1532 1285 1636 cupidita·
1284 1589 1285 1594 ι

205 1643 360 1707 Nimirum
429 1653 460 1706 te
475 1634 629 1736 nnpulsus
639 1634 775 1710 occidas
826 1639 915 1708 Mihi
933 1655 1041 1708 autem
1051 1637 1206 1710 videntur
1284 1717 1285 1724 Ρ

205 1721 272 1778 sunt
292 1720 397 1850 st‘l‘on
374 1734 541 1852 nscelera
557 1767 625 1811 non
641 1733 829 1839 negligenda
844 1734 898 1809 illa
912 1723 1055 1838 quidem,
1080 1766 1162 1840 quae
1182 1737 1207 1812 li
1284 1749 1285 1754 ’

228 1794 352 1852 uidermt

171 1894 179 1915 ,
203 1813 394 1942 negligendan
424 1845 623 1938 praetereant
636 1846 783 1939 impune,
802 1837 881 1911 nihil
898 1839 954 1924 eli,
972 1837 1063 1939 quod
1076 1867 1206 1922 nonau-
1284 1861 1285 1934 ι

204 1947 332 2016 Piorstt‘
346 1961 394 2002 sse·
423 1939 446 2013 s
438 1969 494 2013 rra
510 1949 671 2036 temeritas
689 1940 747 2030 stt,
772 1937 824 2014 sed
845 1967 904 2014 nec
930 1941 1082 2024 acerbius,
1104 1968 1205 2042 quarn
1284 1965 1285 1978 ¹

201 2028 410 2152 ξζζζζςᾚυ
423 2042 505 2116 serat
529 2050 611 2116 ratio
631 2048 836 2117 humanitatis
857 2041 1101 2144 &magnitudo
1124 2041 1204 2117 deli·

200 2165 364 2240 punienda,
422 2147 479 2230 dli,
495 2143 693 2268 punienda
686 2129 931 2230 Athenienses,
939 2169 1087 2246 quorum
1135 2174 1205 2220 rae·
1284 2229 1285 2252 Ρ

424 2265 516 2349 cepta
529 2247 570 2321 de
584 2253 646 2320 urta
661 2246 824 2347 praeclara
838 2243 908 2320 sunt
922 2249 1041 2334 habita,
1059 2172 1144 2321 unde
1158 2248 1205 2322 le¹
1284 2259 1285 2268 ’

423 2378 479 2452 ges
495 2351 640 2437 nostrae,
663 2371 813 2451 tanquam
828 2377 846 2423 e
861 2323 953 2422 sonte
962 2347 1202 2438 ,defluxerunt

343 2489 349 2496 ·
421 2452 499 2526 vel
489 2481 523 2525 ιιι
538 2451 724 2554 gravissuno
737 2449 852 2525 scelere
870 2439 1202 2539 cicutamafferebant,
1284 2449 1285 2514 ζ

348 2624 351 2632 ,
420 2571 462 2629 'eo
477 2551 634 2654 supplicio
647 2560 801 2638 contenti,
817 2551 915 2675 quod,
934 2553 988 2628 etsr
1004 2553 1049 2628 esl
1063 2555 1145 2639 leve,
1153 2575 1201 2628 ta-
1284 2587 1285 2624 ι

420 2661 500 2730 men
514 2655 653 2731 eundem
674 2657 768 2747 habet
783 2662 918 2740 exitum
939 2684 1038 2759 quem
1062 2657 1200 2733 eculeus.
1284 2713 1285 2758 q

276 2849 281 2860 .
420 2766 487 2832 Cui
501 2760 548 2833 est
562 2735 735 2833 Phalaridis
752 2779 859 2868 taurus
873 2765 1055 2860 incognitus
1069 2757 1199 2832 autsub-
1284 2771 1285 2776 ’

317 2929 321 2937 ,
416 2857 549 2963 scriptio
563 2865 706 2935 Neronis
708 2853 954 2962 ,quoru'rnalter
969 2867 1202 2962 eum‚quitam
1284 2925 1285 2950 ,

311 2992 313 2995 ·
419 2968 564 3035 immane
585 2959 779 3063 supplicium
799 2959 1021 3064 excogitasset,
1043 2963 1099 3035 illo
1123 2961 1221 3064 ipso
1284 3049 1285 3056 Ρ

418 3069 562 3136 intauro
580 3091 685 3138 necari
676 3063 802 3150 iussit,
811 3065 900 3149 alter,
916 3071 1042 3166 quoties
1064 3060 1205 3140 elsetci-
1284 3063 1285 3088 ³

383 3173 465 3239 vis
480 3165 681 3243 mulsiandus
698 3186 819 3256 morte,
834 3165 940 3241 dicere
956 3165 1086 3252 solebat,
1098 3195 1198 3270 quam
1284 3173 1285 3176 ’

417 3268 499 3343 velle
516 3265 550 3343 se
563 3265 621 3343 se
611 3290 762 3372 tgnorare
777 3270 897 3355 literas,
917 3297 959 3343 ne
973 3269 1095 3344 alienae
1117 3269 1199 3344 cala
1284 3327 1285 3368 3

394 3377 521 3444 mitari
537 3399 672 3446 manum
686 3390 873 3474 apponeret.
924 3369 1023 3475 Qiod
1042 3371 1067 3446 fi
1084 3370 1199 3447 crude·

414 3471 537 3546 liffimis
550 3477 691 3568 tyrannis
706 3499 837 3596 poenae.
845 3475 994 3548 acerbitas
1010 3499 1076 3546 ιιοιι
1091 3475 1199 3576 place·
1284 3509 1285 3560 ι

412 3576 485 3648 hat:
510 3573 587 3677 quid
612 3577 730 3649 iusto
721 3582 861 3674 imperio
885 3583 921 3650 dt
940 3576 1026 3654 cirili
1049 3575 1197 3651 mansue·
1284 3587 1285 3608 ¹

196 3640 384 3751 Sedetanum
414 3675 524 3750 tudine
538 3674 723 3750 faciendum
742 3678 806 3752 este
831 3681 925 3752 Haec
934 3699 1054 3752 autern
1068 3707 1110 3754 eo
1126 3678 1196 3780 spe-

355 3778 529 3920 'tiana
527 3799 562 3900 ut
575 3784 699 3857 invitis
723 3777 763 3854 ad
786 3777 1031 3858 damnationem
1051 3785 1197 3958 homiqrais

1063 3909 1140 3960 acce
1181 3910 1196 3958 s
