<?xml version="1.0" encoding="UTF-8"?>
<!DOCTYPE html PUBLIC "-//W3C//DTD XHTML 1.0 Transitional//EN"
    "http://www.w3.org/TR/xhtml1/DTD/xhtml1-transitional.dtd">
<html xmlns="http://www.w3.org/1999/xhtml" xml:lang="en" lang="en">
 <head>
  <title>
</title>
<meta http-equiv="Content-Type" content="text/html;charset=utf-8" />
  <meta name='ocr-system' content='tesseract 3.04.00' />
  <meta name='ocr-capabilities' content='ocr_page ocr_carea ocr_par ocr_line ocrx_word'/>
</head>
<body>
  <div class='ocr_page' id='page_1' title='image "./ioannisantoniic00campgoog_0736.png"; bbox 0 0 2759 4709; ppageno 0'>
   <div class='ocr_carea' id='block_1_1' title="bbox 396 431 1084 517">
    <p class='ocr_par' dir='ltr' id='par_1_1' title="bbox 396 431 1084 517">
     <span class='ocr_line' id='line_1_1' title="bbox 396 431 1084 517; baseline -0.013 -16"><span class='ocrx_word' id='word_1_1' title='bbox 396 443 455 517; x_wconf 62' lang='grc' dir='ltr'>με</span> <span class='ocrx_word' id='word_1_2' title='bbox 523 436 599 497; x_wconf 84' lang='grc' dir='ltr'>.ιο.</span> <span class='ocrx_word' id='word_1_3' title='bbox 632 432 841 494; x_wconf 72' lang='lat' dir='ltr'>antonii</span> <span class='ocrx_word' id='word_1_4' title='bbox 874 431 1084 494; x_wconf 76' lang='lat' dir='ltr'>cautim</span> 
     </span>
    </p>
   </div>
   <div class='ocr_carea' id='block_1_2' title="bbox 297 575 1291 3934">
    <p class='ocr_par' dir='ltr' id='par_1_2' title="bbox 401 575 1182 683">
     <span class='ocr_line' id='line_1_2' title="bbox 401 575 1182 683; baseline 0 -31"><span class='ocrx_word' id='word_1_5' title='bbox 401 579 488 683; x_wconf 76' lang='lat' dir='ltr'>psus,</span> <span class='ocrx_word' id='word_1_6' title='bbox 502 605 543 651; x_wconf 89' lang='lat' dir='ltr'>an</span> <span class='ocrx_word' id='word_1_7' title='bbox 558 583 779 677; x_wconf 83' lang='lat' dir='ltr'>praecipitatus</span> <span class='ocrx_word' id='word_1_8' title='bbox 795 583 992 650; x_wconf 82' lang='lat' dir='ltr'><strong>temeritate?</strong></span> <span class='ocrx_word' id='word_1_9' title='bbox 1018 575 1182 679; x_wconf 83' lang='lat' dir='ltr'>doloquid</span> 
     </span>
    </p>

    <p class='ocr_par' dir='ltr' id='par_1_3' title="bbox 403 677 1287 780">
     <span class='ocr_line' id='line_1_3' title="bbox 403 677 1287 780; baseline -0.003 -24"><span class='ocrx_word' id='word_1_10' title='bbox 403 682 538 765; x_wconf 65' lang='lat' dir='ltr'>fictum,</span> <span class='ocrx_word' id='word_1_11' title='bbox 552 709 594 751; x_wconf 89' lang='lat' dir='ltr'>an</span> <span class='ocrx_word' id='word_1_12' title='bbox 608 680 737 751; x_wconf 84' lang='lat' dir='ltr'>officio?</span> <span class='ocrx_word' id='word_1_13' title='bbox 763 685 796 750; x_wconf 93' lang='lat' dir='ltr'>in</span> <span class='ocrx_word' id='word_1_14' title='bbox 812 681 923 780; x_wconf 82' lang='lat' dir='ltr'>quibus</span> <span class='ocrx_word' id='word_1_15' title='bbox 940 680 1090 752; x_wconf 87' lang='lat' dir='ltr'>omnibus</span> <span class='ocrx_word' id='word_1_16' title='bbox 1108 677 1183 754; x_wconf 77' lang='lat' dir='ltr'>cali·</span> <span class='ocrx_word' id='word_1_17' title='bbox 1286 697 1287 770; x_wconf 77' lang='lat' dir='ltr'><strong>j</strong></span> 
     </span>
    </p>

    <p class='ocr_par' dir='ltr' id='par_1_4' title="bbox 384 779 1229 882">
     <span class='ocr_line' id='line_1_4' title="bbox 384 779 1229 882; baseline -0.009 -24"><span class='ocrx_word' id='word_1_18' title='bbox 384 788 459 858; x_wconf 83' lang='lat' dir='ltr'>‘bus</span> <span class='ocrx_word' id='word_1_19' title='bbox 473 780 655 882; x_wconf 64' lang='lat' dir='ltr'>spetfiandus</span> <span class='ocrx_word' id='word_1_20' title='bbox 672 788 796 852; x_wconf 87' lang='lat' dir='ltr'>animus</span> <span class='ocrx_word' id='word_1_21' title='bbox 812 782 866 854; x_wconf 84' lang='lat' dir='ltr'>eil.</span> <span class='ocrx_word' id='word_1_22' title='bbox 893 779 1062 880; x_wconf 57' lang='lat' dir='ltr'>Spectandi</span> <span class='ocrx_word' id='word_1_23' title='bbox 1069 787 1184 865; x_wconf 83' lang='lat' dir='ltr'>etiam,</span> <span class='ocrx_word' id='word_1_24' title='bbox 1215 859 1229 866; x_wconf 56' lang='grc'><strong><em>,</em></strong></span> 
     </span>
    </p>

    <p class='ocr_par' dir='ltr' id='par_1_5' title="bbox 402 881 1186 1086">
     <span class='ocr_line' id='line_1_5' title="bbox 402 881 1184 985; baseline -0.005 -27"><span class='ocrx_word' id='word_1_25' title='bbox 402 886 442 958; x_wconf 89' lang='lat' dir='ltr'>ad</span> <span class='ocrx_word' id='word_1_26' title='bbox 456 913 535 985; x_wconf 91' lang='lat' dir='ltr'>quos</span> <span class='ocrx_word' id='word_1_27' title='bbox 550 890 687 983; x_wconf 85' lang='lat' dir='ltr'>pertinet</span> <span class='ocrx_word' id='word_1_28' title='bbox 706 889 834 967; x_wconf 83' lang='lat' dir='ltr'>iniuria,</span> <span class='ocrx_word' id='word_1_29' title='bbox 857 903 894 954; x_wconf 89' lang='lat' dir='ltr'>ut</span> <span class='ocrx_word' id='word_1_30' title='bbox 915 890 949 954; x_wconf 91' lang='lat' dir='ltr'>in</span> <span class='ocrx_word' id='word_1_31' title='bbox 971 885 1077 956; x_wconf 75' lang='lat' dir='ltr'>helles</span> <span class='ocrx_word' id='word_1_32' title='bbox 1100 881 1184 956; x_wconf 75' lang='lat' dir='ltr'>facta</span> 
     </span>
     <span class='ocr_line' id='line_1_6' title="bbox 402 984 1186 1086; baseline -0.006 -26"><span class='ocrx_word' id='word_1_33' title='bbox 402 986 535 1070; x_wconf 81' lang='lat' dir='ltr'>dicator,</span> <span class='ocrx_word' id='word_1_34' title='bbox 551 1015 592 1056; x_wconf 88' lang='lat' dir='ltr'>an</span> <span class='ocrx_word' id='word_1_35' title='bbox 606 992 641 1056; x_wconf 91' lang='lat' dir='ltr'>in</span> <span class='ocrx_word' id='word_1_36' title='bbox 654 984 776 1057; x_wconf 83' lang='lat' dir='ltr'>socios?</span> <span class='ocrx_word' id='word_1_37' title='bbox 800 989 834 1056; x_wconf 93' lang='lat' dir='ltr'>in</span> <span class='ocrx_word' id='word_1_38' title='bbox 856 991 1075 1086; x_wconf 89' lang='lat' dir='ltr'>propinquos,</span> <span class='ocrx_word' id='word_1_39' title='bbox 1093 1012 1135 1056; x_wconf 88' lang='lat' dir='ltr'>an</span> <span class='ocrx_word' id='word_1_40' title='bbox 1148 990 1186 1055; x_wconf 89' lang='lat' dir='ltr'>in</span> 
     </span>
    </p>

    <p class='ocr_par' dir='ltr' id='par_1_6' title="bbox 402 1091 1288 1187">
     <span class='ocr_line' id='line_1_7' title="bbox 402 1091 1288 1187; baseline -0.005 -25"><span class='ocrx_word' id='word_1_41' title='bbox 402 1091 540 1162; x_wconf 85' lang='lat' dir='ltr'>alienos?</span> <span class='ocrx_word' id='word_1_42' title='bbox 566 1093 600 1158; x_wconf 93' lang='lat' dir='ltr'>in</span> <span class='ocrx_word' id='word_1_43' title='bbox 614 1094 710 1170; x_wconf 86' lang='lat' dir='ltr'>cives,</span> <span class='ocrx_word' id='word_1_44' title='bbox 725 1115 765 1159; x_wconf 83' lang='lat' dir='ltr'>an</span> <span class='ocrx_word' id='word_1_45' title='bbox 785 1093 994 1187; x_wconf 83' lang='lat' dir='ltr'>peregrinos?</span> <span class='ocrx_word' id='word_1_46' title='bbox 1018 1094 1053 1158; x_wconf 86' lang='lat' dir='ltr'>in</span> <span class='ocrx_word' id='word_1_47' title='bbox 1072 1091 1185 1158; x_wconf 79' lang='lat' dir='ltr'>virum</span> <span class='ocrx_word' id='word_1_48' title='bbox 1287 1135 1288 1140; x_wconf 21' lang='grc' dir='ltr'><strong>κ</strong></span> 
     </span>
    </p>

    <p class='ocr_par' dir='ltr' id='par_1_7' title="bbox 402 1173 1288 1390">
     <span class='ocr_line' id='line_1_8' title="bbox 403 1173 1288 1273; baseline -0.008 -6"><span class='ocrx_word' id='word_1_49' title='bbox 403 1191 588 1273; x_wconf 82' lang='lat' dir='ltr'>honesturn,</span> <span class='ocrx_word' id='word_1_50' title='bbox 603 1216 643 1266; x_wconf 81' lang='lat' dir='ltr'>an</span> <span class='ocrx_word' id='word_1_51' title='bbox 658 1189 817 1262; x_wconf 81' lang='lat' dir='ltr'>infamem</span> <span class='ocrx_word' id='word_1_52' title='bbox 832 1196 869 1264; x_wconf 74' lang='lat' dir='ltr'>dt</span> <span class='ocrx_word' id='word_1_53' title='bbox 881 1187 1120 1264; x_wconf 80' lang='lat' dir='ltr'>detestabilem?</span> <span class='ocrx_word' id='word_1_54' title='bbox 1149 1193 1187 1261; x_wconf 86' lang='lat' dir='ltr'>in</span> <span class='ocrx_word' id='word_1_55' title='bbox 1287 1173 1288 1222; x_wconf 73' lang='lat' dir='ltr'>t</span> 
     </span>
     <span class='ocr_line' id='line_1_9' title="bbox 402 1289 1186 1390; baseline -0.01 -23"><span class='ocrx_word' id='word_1_56' title='bbox 402 1291 545 1377; x_wconf 84' lang='lat' dir='ltr'>sactum,</span> <span class='ocrx_word' id='word_1_57' title='bbox 560 1320 600 1361; x_wconf 89' lang='lat' dir='ltr'>an</span> <span class='ocrx_word' id='word_1_58' title='bbox 615 1289 810 1390; x_wconf 84' lang='lat' dir='ltr'>profanum?</span> <span class='ocrx_word' id='word_1_59' title='bbox 835 1297 870 1362; x_wconf 93' lang='lat' dir='ltr'>in</span> <span class='ocrx_word' id='word_1_60' title='bbox 883 1296 1057 1390; x_wconf 84' lang='lat' dir='ltr'>privatum,</span> <span class='ocrx_word' id='word_1_61' title='bbox 1067 1317 1108 1360; x_wconf 86' lang='lat' dir='ltr'>an</span> <span class='ocrx_word' id='word_1_62' title='bbox 1124 1317 1186 1388; x_wconf 89' lang='lat' dir='ltr'>pu·</span> 
     </span>
    </p>

    <p class='ocr_par' dir='ltr' id='par_1_8' title="bbox 404 1389 1289 1597">
     <span class='ocr_line' id='line_1_10' title="bbox 404 1389 1289 1493; baseline -0.008 -25"><span class='ocrx_word' id='word_1_63' title='bbox 404 1397 490 1468; x_wconf 89' lang='lat' dir='ltr'>blico</span> <span class='ocrx_word' id='word_1_64' title='bbox 505 1419 642 1465; x_wconf 84' lang='lat' dir='ltr'>munere</span> <span class='ocrx_word' id='word_1_65' title='bbox 657 1392 865 1492; x_wconf 78' lang='lat' dir='ltr'>fungentem?</span> <span class='ocrx_word' id='word_1_66' title='bbox 891 1419 956 1493; x_wconf 89' lang='lat' dir='ltr'>quo</span> <span class='ocrx_word' id='word_1_67' title='bbox 970 1399 1006 1463; x_wconf 92' lang='lat' dir='ltr'>in</span> <span class='ocrx_word' id='word_1_68' title='bbox 1026 1392 1103 1464; x_wconf 91' lang='lat' dir='ltr'>loco</span> <span class='ocrx_word' id='word_1_69' title='bbox 1126 1389 1183 1462; x_wconf 80' lang='lat' dir='ltr'>fla·</span> <span class='ocrx_word' id='word_1_70' title='bbox 1288 1463 1289 1480; x_wconf 13' lang='grc' dir='ltr'>χ</span> 
     </span>
     <span class='ocr_line' id='line_1_11' title="bbox 404 1489 1182 1597; baseline -0.006 -29"><span class='ocrx_word' id='word_1_71' title='bbox 404 1503 522 1597; x_wconf 84' lang='lat' dir='ltr'>gitium</span> <span class='ocrx_word' id='word_1_72' title='bbox 537 1489 746 1567; x_wconf 82' lang='lat' dir='ltr'>cononiffum</span> <span class='ocrx_word' id='word_1_73' title='bbox 759 1493 817 1567; x_wconf 81' lang='lat' dir='ltr'>sit?</span> <span class='ocrx_word' id='word_1_74' title='bbox 841 1500 878 1568; x_wconf 90' lang='lat' dir='ltr'>in</span> <span class='ocrx_word' id='word_1_75' title='bbox 895 1494 1020 1592; x_wconf 88' lang='lat' dir='ltr'>templo</span> <span class='ocrx_word' id='word_1_76' title='bbox 1038 1523 1079 1566; x_wconf 84' lang='lat' dir='ltr'>an</span> <span class='ocrx_word' id='word_1_77' title='bbox 1093 1494 1182 1566; x_wconf 92' lang='lat' dir='ltr'>inlu-</span> 
     </span>
    </p>

    <p class='ocr_par' dir='ltr' id='par_1_9' title="bbox 403 1595 1289 1800">
     <span class='ocr_line' id='line_1_12' title="bbox 403 1595 1289 1699; baseline 0 -32"><span class='ocrx_word' id='word_1_78' title='bbox 403 1603 535 1699; x_wconf 82' lang='lat' dir='ltr'>panari?</span> <span class='ocrx_word' id='word_1_79' title='bbox 566 1606 599 1668; x_wconf 90' lang='lat' dir='ltr'>in</span> <span class='ocrx_word' id='word_1_80' title='bbox 629 1595 724 1680; x_wconf 78' lang='lat' dir='ltr'>lom,</span> <span class='ocrx_word' id='word_1_81' title='bbox 751 1625 790 1667; x_wconf 89' lang='lat' dir='ltr'>an</span> <span class='ocrx_word' id='word_1_82' title='bbox 814 1602 849 1668; x_wconf 93' lang='lat' dir='ltr'>in</span> <span class='ocrx_word' id='word_1_83' title='bbox 869 1603 1067 1695; x_wconf 86' lang='lat' dir='ltr'>pomoerio?</span> <span class='ocrx_word' id='word_1_84' title='bbox 1093 1599 1186 1667; x_wconf 80' lang='lat' dir='ltr'>Haec</span> <span class='ocrx_word' id='word_1_85' title='bbox 1288 1623 1289 1636; x_wconf 59' lang='lat'>¹</span> 
     </span>
     <span class='ocr_line' id='line_1_13' title="bbox 404 1696 1186 1800; baseline -0.005 -28"><span class='ocrx_word' id='word_1_86' title='bbox 404 1706 514 1772; x_wconf 87' lang='lat' dir='ltr'>omnia</span> <span class='ocrx_word' id='word_1_87' title='bbox 529 1699 567 1769; x_wconf 92' lang='lat' dir='ltr'>ab</span> <span class='ocrx_word' id='word_1_88' title='bbox 583 1705 745 1800; x_wconf 86' lang='lat' dir='ltr'>aequitatis</span> <span class='ocrx_word' id='word_1_89' title='bbox 761 1697 851 1772; x_wconf 84' lang='lat' dir='ltr'>fonte</span> <span class='ocrx_word' id='word_1_90' title='bbox 866 1705 1032 1781; x_wconf 82' lang='lat' dir='ltr'>oriuntur,</span> <span class='ocrx_word' id='word_1_91' title='bbox 1049 1725 1117 1769; x_wconf 88' lang='lat' dir='ltr'>non</span> <span class='ocrx_word' id='word_1_92' title='bbox 1139 1696 1186 1768; x_wconf 85' lang='lat' dir='ltr'>fe·</span> 
     </span>
    </p>

    <p class='ocr_par' dir='ltr' id='par_1_10' title="bbox 403 1798 1290 1899">
     <span class='ocr_line' id='line_1_14' title="bbox 403 1798 1290 1899; baseline -0.012 -21"><span class='ocrx_word' id='word_1_93' title='bbox 403 1829 441 1878; x_wconf 86' lang='lat' dir='ltr'>re</span> <span class='ocrx_word' id='word_1_94' title='bbox 455 1799 583 1897; x_wconf 80' lang='lat' dir='ltr'>seinpe&#39;r</span> <span class='ocrx_word' id='word_1_95' title='bbox 598 1801 755 1899; x_wconf 85' lang='lat' dir='ltr'>explicato</span> <span class='ocrx_word' id='word_1_96' title='bbox 769 1800 892 1899; x_wconf 86' lang='lat' dir='ltr'>legibus</span> <span class='ocrx_word' id='word_1_97' title='bbox 906 1798 946 1872; x_wconf 89' lang='lat' dir='ltr'>ad</span> <span class='ocrx_word' id='word_1_98' title='bbox 960 1827 1117 1899; x_wconf 84' lang='lat' dir='ltr'>unguem,</span> <span class='ocrx_word' id='word_1_99' title='bbox 1134 1805 1184 1869; x_wconf 87' lang='lat' dir='ltr'>iu·</span> <span class='ocrx_word' id='word_1_100' title='bbox 1289 1856 1290 1884; x_wconf 50' lang='lat'>,</span> 
     </span>
    </p>

    <p class='ocr_par' dir='ltr' id='par_1_11' title="bbox 297 1893 1290 2308">
     <span class='ocr_line' id='line_1_15' title="bbox 297 1893 1290 2001; baseline -0.006 -27"><span class='ocrx_word' id='word_1_101' title='bbox 297 1951 302 1974; x_wconf 56' lang='grc' dir='ltr'><strong><em>ι</em></strong></span> <span class='ocrx_word' id='word_1_102' title='bbox 404 1902 481 1974; x_wconf 74' lang='lat' dir='ltr'>dicis</span> <span class='ocrx_word' id='word_1_103' title='bbox 496 1923 605 1974; x_wconf 85' lang='lat' dir='ltr'>tamen</span> <span class='ocrx_word' id='word_1_104' title='bbox 624 1904 756 1972; x_wconf 89' lang='lat' dir='ltr'>arbitrio</span> <span class='ocrx_word' id='word_1_105' title='bbox 781 1901 927 2000; x_wconf 75' lang='lat' dir='ltr'>repofita</span> <span class='ocrx_word' id='word_1_106' title='bbox 953 1907 992 1974; x_wconf 89' lang='lat' dir='ltr'>ln</span> <span class='ocrx_word' id='word_1_107' title='bbox 1014 1929 1079 2001; x_wconf 87' lang='lat' dir='ltr'>quo</span> <span class='ocrx_word' id='word_1_108' title='bbox 1100 1897 1181 1970; x_wconf 88' lang='lat' dir='ltr'>illud</span> <span class='ocrx_word' id='word_1_109' title='bbox 1289 1893 1290 1944; x_wconf 74' lang='lat'>3</span> 
     </span>
     <span class='ocr_line' id='line_1_16' title="bbox 404 2002 1181 2103; baseline -0.01 -25"><span class='ocrx_word' id='word_1_110' title='bbox 404 2006 449 2078; x_wconf 82' lang='lat' dir='ltr'>est</span> <span class='ocrx_word' id='word_1_111' title='bbox 464 2002 823 2103; x_wconf 66' lang='lat' dir='ltr'>magnificentissimum,</span> <span class='ocrx_word' id='word_1_112' title='bbox 837 2005 1088 2076; x_wconf 80' lang='lat' dir='ltr'>imbecillitatem</span> <span class='ocrx_word' id='word_1_113' title='bbox 1102 2027 1181 2072; x_wconf 89' lang='lat' dir='ltr'>con-</span> 
     </span>
     <span class='ocr_line' id='line_1_17' title="bbox 403 2104 1183 2205; baseline -0.008 -25"><span class='ocrx_word' id='word_1_114' title='bbox 403 2128 452 2180; x_wconf 85' lang='lat' dir='ltr'>tra</span> <span class='ocrx_word' id='word_1_115' title='bbox 471 2112 661 2205; x_wconf 88' lang='lat' dir='ltr'>potentiam,</span> <span class='ocrx_word' id='word_1_116' title='bbox 675 2110 822 2204; x_wconf 87' lang='lat' dir='ltr'>inopiam</span> <span class='ocrx_word' id='word_1_117' title='bbox 837 2126 948 2178; x_wconf 87' lang='lat' dir='ltr'>contra</span> <span class='ocrx_word' id='word_1_118' title='bbox 964 2104 1094 2186; x_wconf 83' lang='lat' dir='ltr'>divitias,</span> <span class='ocrx_word' id='word_1_119' title='bbox 1109 2120 1183 2174; x_wconf 86' lang='lat' dir='ltr'>tue-</span> 
     </span>
     <span class='ocr_line' id='line_1_18' title="bbox 401 2206 1186 2308; baseline -0.009 -25"><span class='ocrx_word' id='word_1_120' title='bbox 401 2215 433 2283; x_wconf 84' lang='lat' dir='ltr'>ri</span> <span class='ocrx_word' id='word_1_121' title='bbox 465 2228 558 2308; x_wconf 85' lang='lat' dir='ltr'>atque</span> <span class='ocrx_word' id='word_1_122' title='bbox 587 2206 778 2292; x_wconf 85' lang='lat' dir='ltr'>defendere,</span> <span class='ocrx_word' id='word_1_123' title='bbox 811 2227 859 2293; x_wconf 85' lang='lat' dir='ltr'>ut,</span> <span class='ocrx_word' id='word_1_124' title='bbox 881 2236 960 2282; x_wconf 86' lang='lat' dir='ltr'>curn</span> <span class='ocrx_word' id='word_1_125' title='bbox 988 2228 1052 2286; x_wconf 86' lang='lat' dir='ltr'>tota</span> <span class='ocrx_word' id='word_1_126' title='bbox 1072 2231 1186 2304; x_wconf 76' lang='lat' dir='ltr'>respu-</span> 
     </span>
    </p>

    <p class='ocr_par' dir='ltr' id='par_1_12' title="bbox 360 2305 1291 3934">
     <span class='ocr_line' id='line_1_19' title="bbox 400 2305 1291 2408; baseline -0.007 -24"><span class='ocrx_word' id='word_1_127' title='bbox 400 2311 482 2384; x_wconf 81' lang='lat' dir='ltr'>blica</span> <span class='ocrx_word' id='word_1_128' title='bbox 497 2330 557 2382; x_wconf 90' lang='lat' dir='ltr'>tuo</span> <span class='ocrx_word' id='word_1_129' title='bbox 569 2310 607 2383; x_wconf 81' lang='lat' dir='ltr'>sit</span> <span class='ocrx_word' id='word_1_130' title='bbox 622 2306 790 2382; x_wconf 82' lang='lat' dir='ltr'>corniniffa</span> <span class='ocrx_word' id='word_1_131' title='bbox 805 2315 959 2408; x_wconf 81' lang='lat' dir='ltr'>imperio,</span> <span class='ocrx_word' id='word_1_132' title='bbox 978 2327 1050 2384; x_wconf 80' lang='lat' dir='ltr'>tune</span> <span class='ocrx_word' id='word_1_133' title='bbox 1070 2305 1187 2381; x_wconf 83' lang='lat' dir='ltr'>tradita</span> <span class='ocrx_word' id='word_1_134' title='bbox 1290 2331 1291 2378; x_wconf 73' lang='lat'><em>3</em></span> 
     </span>
     <span class='ocr_line' id='line_1_20' title="bbox 404 2409 1187 2513; baseline 0 -29"><span class='ocrx_word' id='word_1_135' title='bbox 404 2411 577 2496; x_wconf 77' lang='lat' dir='ltr'>custodiae,</span> <span class='ocrx_word' id='word_1_136' title='bbox 588 2411 665 2513; x_wconf 90' lang='lat' dir='ltr'>quid</span> <span class='ocrx_word' id='word_1_137' title='bbox 680 2413 841 2488; x_wconf 85' lang='lat' dir='ltr'>infirmius</span> <span class='ocrx_word' id='word_1_138' title='bbox 855 2409 905 2497; x_wconf 87' lang='lat' dir='ltr'>fit,</span> <span class='ocrx_word' id='word_1_139' title='bbox 913 2409 946 2482; x_wconf 91' lang='lat' dir='ltr'>id</span> <span class='ocrx_word' id='word_1_140' title='bbox 953 2419 1082 2486; x_wconf 85' lang='lat' dir='ltr'>maiore</span> <span class='ocrx_word' id='word_1_141' title='bbox 1093 2437 1187 2510; x_wconf 85' lang='lat' dir='ltr'>prae·</span> 
     </span>
     <span class='ocr_line' id='line_1_21' title="bbox 402 2512 1188 2600; baseline -0.004 -11"><span class='ocrx_word' id='word_1_142' title='bbox 402 2513 483 2590; x_wconf 80' lang='lat' dir='ltr'>lidio</span> <span class='ocrx_word' id='word_1_143' title='bbox 499 2535 619 2600; x_wconf 84' lang='lat' dir='ltr'>tueare,</span> <span class='ocrx_word' id='word_1_144' title='bbox 646 2532 682 2586; x_wconf 89' lang='lat' dir='ltr'>ut</span> <span class='ocrx_word' id='word_1_145' title='bbox 707 2521 741 2586; x_wconf 93' lang='lat' dir='ltr'>in</span> <span class='ocrx_word' id='word_1_146' title='bbox 763 2515 894 2600; x_wconf 78' lang='lat' dir='ltr'>urbium</span> <span class='ocrx_word' id='word_1_147' title='bbox 919 2514 1091 2589; x_wconf 86' lang='lat' dir='ltr'>moenibus</span> <span class='ocrx_word' id='word_1_148' title='bbox 1114 2512 1188 2586; x_wconf 84' lang='lat' dir='ltr'>fieri</span> 
     </span>
     <span class='ocr_line' id='line_1_22' title="bbox 401 2612 1186 2718; baseline -0.006 -28"><span class='ocrx_word' id='word_1_149' title='bbox 401 2613 492 2698; x_wconf 84' lang='lat' dir='ltr'>solet,</span> <span class='ocrx_word' id='word_1_150' title='bbox 511 2618 578 2697; x_wconf 91' lang='lat' dir='ltr'>ubi,</span> <span class='ocrx_word' id='word_1_151' title='bbox 597 2644 678 2718; x_wconf 85' lang='lat' dir='ltr'>quae</span> <span class='ocrx_word' id='word_1_152' title='bbox 695 2623 800 2700; x_wconf 81' lang='lat' dir='ltr'>rninus</span> <span class='ocrx_word' id='word_1_153' title='bbox 819 2622 943 2692; x_wconf 84' lang='lat' dir='ltr'>munita</span> <span class='ocrx_word' id='word_1_154' title='bbox 962 2612 1045 2700; x_wconf 84' lang='lat' dir='ltr'>sont,</span> <span class='ocrx_word' id='word_1_155' title='bbox 1068 2613 1186 2694; x_wconf 84' lang='lat' dir='ltr'>fortius</span> 
     </span>
     <span class='ocr_line' id='line_1_23' title="bbox 402 2715 1189 2818; baseline -0.005 -27"><span class='ocrx_word' id='word_1_156' title='bbox 402 2715 626 2796; x_wconf 84' lang='lat' dir='ltr'>defenduntur.</span> <span class='ocrx_word' id='word_1_157' title='bbox 678 2723 771 2802; x_wconf 84' lang='lat' dir='ltr'>Sunt,</span> <span class='ocrx_word' id='word_1_158' title='bbox 793 2724 848 2818; x_wconf 84' lang='lat' dir='ltr'>qui</span> <span class='ocrx_word' id='word_1_159' title='bbox 864 2737 989 2818; x_wconf 83' lang='lat' dir='ltr'>putent,</span> <span class='ocrx_word' id='word_1_160' title='bbox 1014 2717 1189 2790; x_wconf 82' lang='lat' dir='ltr'>fortunam</span> 
     </span>
     <span class='ocr_line' id='line_1_24' title="bbox 403 2815 1188 2920; baseline 0.003 -30"><span class='ocrx_word' id='word_1_161' title='bbox 403 2847 531 2920; x_wconf 86' lang='lat' dir='ltr'>qnoque</span> <span class='ocrx_word' id='word_1_162' title='bbox 546 2818 680 2918; x_wconf 71' lang='lat' dir='ltr'>spediari</span> <span class='ocrx_word' id='word_1_163' title='bbox 698 2841 866 2918; x_wconf 80' lang='lat' dir='ltr'>oportere,</span> <span class='ocrx_word' id='word_1_164' title='bbox 879 2847 921 2893; x_wconf 87' lang='lat' dir='ltr'>ne</span> <span class='ocrx_word' id='word_1_165' title='bbox 936 2815 1106 2893; x_wconf 82' lang='lat' dir='ltr'>seditiones</span> <span class='ocrx_word' id='word_1_166' title='bbox 1121 2824 1188 2892; x_wconf 80' lang='lat' dir='ltr'>oti·</span> 
     </span>
     <span class='ocr_line' id='line_1_25' title="bbox 402 2920 1188 3020; baseline 0 -28"><span class='ocrx_word' id='word_1_167' title='bbox 402 2943 506 3005; x_wconf 89' lang='lat' dir='ltr'>antur,</span> <span class='ocrx_word' id='word_1_168' title='bbox 523 2921 610 3020; x_wconf 87' lang='lat' dir='ltr'>qood</span> <span class='ocrx_word' id='word_1_169' title='bbox 628 2920 698 2993; x_wconf 84' lang='lat' dir='ltr'>fere</span> <span class='ocrx_word' id='word_1_170' title='bbox 720 2921 831 3000; x_wconf 87' lang='lat' dir='ltr'>accidit</span> <span class='ocrx_word' id='word_1_171' title='bbox 845 2929 879 2994; x_wconf 93' lang='lat' dir='ltr'>in</span> <span class='ocrx_word' id='word_1_172' title='bbox 893 2928 1016 2994; x_wconf 87' lang='lat' dir='ltr'>minuta</span> <span class='ocrx_word' id='word_1_173' title='bbox 1029 2921 1188 2998; x_wconf 37' lang='lat' dir='ltr'>,nobilita-</span> 
     </span>
     <span class='ocr_line' id='line_1_26' title="bbox 402 3018 1187 3123; baseline -0.006 -27"><span class='ocrx_word' id='word_1_174' title='bbox 402 3043 445 3102; x_wconf 87' lang='lat' dir='ltr'>te‚</span> <span class='ocrx_word' id='word_1_175' title='bbox 461 3043 514 3092; x_wconf 84' lang='lat' dir='ltr'>aut</span> <span class='ocrx_word' id='word_1_176' title='bbox 529 3029 714 3119; x_wconf 84' lang='lat' dir='ltr'>potentium</span> <span class='ocrx_word' id='word_1_177' title='bbox 729 3022 863 3098; x_wconf 85' lang='lat' dir='ltr'>libidine</span> <span class='ocrx_word' id='word_1_178' title='bbox 876 3018 1056 3122; x_wconf 81' lang='lat' dir='ltr'>comprclla</span> <span class='ocrx_word' id='word_1_179' title='bbox 1071 3050 1187 3123; x_wconf 77' lang='lat' dir='ltr'>aequa-</span> 
     </span>
     <span class='ocr_line' id='line_1_27' title="bbox 401 3121 1188 3208; baseline -0.003 -10"><span class='ocrx_word' id='word_1_180' title='bbox 401 3126 456 3198; x_wconf 89' lang='lat' dir='ltr'>bili</span> <span class='ocrx_word' id='word_1_181' title='bbox 482 3123 716 3198; x_wconf 79' lang='lat' dir='ltr'>moderatione.</span> <span class='ocrx_word' id='word_1_182' title='bbox 783 3127 976 3200; x_wconf 84' lang='lat' dir='ltr'>Existimant</span> <span class='ocrx_word' id='word_1_183' title='bbox 985 3151 991 3203; x_wconf 57' lang='grc' dir='ltr'>τ,</span> <span class='ocrx_word' id='word_1_184' title='bbox 1000 3130 1105 3208; x_wconf 76' lang='lat' dir='ltr'>enirn,</span> <span class='ocrx_word' id='word_1_185' title='bbox 1129 3121 1188 3196; x_wconf 76' lang='lat' dir='ltr'>nisi</span> 
     </span>
     <span class='ocr_line' id='line_1_28' title="bbox 399 3224 1186 3328; baseline -0.006 -28"><span class='ocrx_word' id='word_1_186' title='bbox 399 3225 519 3328; x_wconf 83' lang='lat' dir='ltr'>aliquid</span> <span class='ocrx_word' id='word_1_187' title='bbox 535 3234 738 3326; x_wconf 81' lang='lat' dir='ltr'>permittatur</span> <span class='ocrx_word' id='word_1_188' title='bbox 752 3227 908 3311; x_wconf 85' lang='lat' dir='ltr'>licentiae,</span> <span class='ocrx_word' id='word_1_189' title='bbox 925 3255 944 3300; x_wconf 93' lang='lat' dir='ltr'>e</span> <span class='ocrx_word' id='word_1_190' title='bbox 958 3225 1013 3300; x_wconf 84' lang='lat' dir='ltr'>soa</span> <span class='ocrx_word' id='word_1_191' title='bbox 1029 3224 1062 3307; x_wconf 78' lang='lat' dir='ltr'>se</span> <span class='ocrx_word' id='word_1_192' title='bbox 1080 3225 1186 3325; x_wconf 82' lang='lat' dir='ltr'>digni·</span> 
     </span>
     <span class='ocr_line' id='line_1_29' title="bbox 398 3326 1187 3428; baseline -0.008 -26"><span class='ocrx_word' id='word_1_193' title='bbox 398 3350 461 3402; x_wconf 92' lang='lat' dir='ltr'>tate</span> <span class='ocrx_word' id='word_1_194' title='bbox 473 3326 535 3402; x_wconf 79' lang='lat' dir='ltr'>elie</span> <span class='ocrx_word' id='word_1_195' title='bbox 552 3329 709 3419; x_wconf 71' lang='lat' dir='ltr'>deiedl083</span> <span class='ocrx_word' id='word_1_196' title='bbox 720 3341 846 3428; x_wconf 78' lang='lat' dir='ltr'>&#39;cogunt</span> <span class='ocrx_word' id='word_1_197' title='bbox 861 3349 970 3402; x_wconf 87' lang='lat' dir='ltr'>coetus</span> <span class='ocrx_word' id='word_1_198' title='bbox 987 3336 1022 3404; x_wconf 75' lang='grc' dir='ltr'>ἀ</span> <span class='ocrx_word' id='word_1_199' title='bbox 1038 3328 1187 3410; x_wconf 83' lang='lat' dir='ltr'>multitu-</span> 
     </span>
     <span class='ocr_line' id='line_1_30' title="bbox 360 3426 1189 3529; baseline 0.005 -29"><span class='ocrx_word' id='word_1_200' title='bbox 360 3513 363 3517; x_wconf 13' lang='lat'><em>?</em></span> <span class='ocrx_word' id='word_1_201' title='bbox 402 3431 513 3527; x_wconf 84' lang='lat' dir='ltr'>dinem</span> <span class='ocrx_word' id='word_1_202' title='bbox 527 3440 714 3515; x_wconf 73' lang='lat' dir='ltr'>concitant,</span> <span class='ocrx_word' id='word_1_203' title='bbox 740 3430 873 3517; x_wconf 67' lang='lat' dir='ltr'>adduQi,</span> <span class='ocrx_word' id='word_1_204' title='bbox 887 3429 943 3529; x_wconf 85' lang='lat' dir='ltr'>spe</span> <span class='ocrx_word' id='word_1_205' title='bbox 963 3426 1189 3505; x_wconf 79' lang='lat' dir='ltr'>mutandae&amp;</span> 
     </span>
     <span class='ocr_line' id='line_1_31' title="bbox 399 3527 1187 3631; baseline -0.004 -26"><span class='ocrx_word' id='word_1_206' title='bbox 399 3535 531 3605; x_wconf 87' lang='lat' dir='ltr'>arbitrio</span> <span class='ocrx_word' id='word_1_207' title='bbox 546 3530 603 3606; x_wconf 86' lang='lat' dir='ltr'>suo</span> <span class='ocrx_word' id='word_1_208' title='bbox 614 3532 933 3618; x_wconf 75' lang='lat' dir='ltr'>vertendaecivitatis.</span> <span class='ocrx_word' id='word_1_209' title='bbox 946 3536 1035 3631; x_wconf 77' lang='lat' dir='ltr'>Qne</span> <span class='ocrx_word' id='word_1_210' title='bbox 1047 3527 1187 3602; x_wconf 67' lang='lat' dir='ltr'>fluitur-</span> 
     </span>
     <span class='ocr_line' id='line_1_32' title="bbox 397 3631 1188 3735; baseline 0 -31"><span class='ocrx_word' id='word_1_211' title='bbox 397 3639 445 3722; x_wconf 84' lang='lat' dir='ltr'>tio</span> <span class='ocrx_word' id='word_1_212' title='bbox 464 3636 508 3704; x_wconf 83' lang='lat' dir='ltr'>est</span> <span class='ocrx_word' id='word_1_213' title='bbox 524 3642 708 3712; x_wconf 88' lang='lat' dir='ltr'>communis</span> <span class='ocrx_word' id='word_1_214' title='bbox 726 3633 853 3735; x_wconf 79' lang='lat' dir='ltr'>populis</span> <span class='ocrx_word' id='word_1_215' title='bbox 872 3636 1036 3717; x_wconf 78' lang='lat' dir='ltr'>omnibus,</span> <span class='ocrx_word' id='word_1_216' title='bbox 1044 3651 1079 3717; x_wconf 71' lang='lat' dir='ltr'>ot</span> <span class='ocrx_word' id='word_1_217' title='bbox 1088 3631 1188 3732; x_wconf 72' lang='lat' dir='ltr'>aliqui</span> 
     </span>
     <span class='ocr_line' id='line_1_33' title="bbox 395 3730 1187 3838; baseline 0 -30"><span class='ocrx_word' id='word_1_218' title='bbox 395 3735 535 3808; x_wconf 83' lang='lat' dir='ltr'>aestuent</span> <span class='ocrx_word' id='word_1_219' title='bbox 554 3736 726 3838; x_wconf 84' lang='lat' dir='ltr'>cupiditate</span> <span class='ocrx_word' id='word_1_220' title='bbox 745 3734 954 3822; x_wconf 83' lang='lat' dir='ltr'>dominandi,</span> <span class='ocrx_word' id='word_1_221' title='bbox 974 3761 1059 3837; x_wconf 74' lang='lat' dir='ltr'>quae</span> <span class='ocrx_word' id='word_1_222' title='bbox 1080 3760 1131 3808; x_wconf 87' lang='lat' dir='ltr'>res</span> <span class='ocrx_word' id='word_1_223' title='bbox 1147 3730 1187 3808; x_wconf 84' lang='lat' dir='ltr'>ad</span> 
     </span>
     <span class='ocr_line' id='line_1_34' title="bbox 1040 3856 1182 3934; baseline 0 -25"><span class='ocrx_word' id='word_1_224' title='bbox 1040 3856 1182 3934; x_wconf 79' lang='lat' dir='ltr'>tyranni·</span> 
     </span>
    </p>
   </div>
   <div class='ocr_carea' id='block_1_3' title="bbox 176 2721 386 2947">
    <p class='ocr_par' dir='ltr' id='par_1_13' title="bbox 176 2721 386 2947">
     <span class='ocr_line' id='line_1_35' title="bbox 177 2721 369 2783; baseline -0.01 0"><span class='ocrx_word' id='word_1_225' title='bbox 177 2721 296 2783; x_wconf 71' lang='lat' dir='ltr'>Diverlb</span> <span class='ocrx_word' id='word_1_226' title='bbox 316 2723 369 2781; x_wconf 90' lang='lat' dir='ltr'>ho-</span> 
     </span>
     <span class='ocr_line' id='line_1_36' title="bbox 176 2798 386 2856; baseline 0.01 -2"><span class='ocrx_word' id='word_1_227' title='bbox 176 2798 286 2854; x_wconf 86' lang='lat' dir='ltr'>minum</span> <span class='ocrx_word' id='word_1_228' title='bbox 295 2798 328 2854; x_wconf 84' lang='lat' dir='ltr'>de</span> <span class='ocrx_word' id='word_1_229' title='bbox 341 2800 386 2856; x_wconf 87' lang='lat' dir='ltr'>iu-</span> 
     </span>
     <span class='ocr_line' id='line_1_37' title="bbox 177 2872 385 2947; baseline 0.005 -15"><span class='ocrx_word' id='word_1_230' title='bbox 177 2872 252 2932; x_wconf 70' lang='lat' dir='ltr'>stitia</span> <span class='ocrx_word' id='word_1_231' title='bbox 266 2873 385 2947; x_wconf 79' lang='lat' dir='ltr'>iudicia,</span> 
     </span>
    </p>
   </div>
   <div class='ocr_carea' id='block_1_4' title="bbox 0 0 1384 4709">
    <p class='ocr_par' dir='ltr' id='par_1_14' title="bbox 0 0 1384 4709">
     <span class='ocr_line' id='line_1_38' title="bbox 0 0 1384 4709; baseline 0 0"><span class='ocrx_word' id='word_1_232' title='bbox 0 0 1384 4709; x_wconf 95' lang='lat' dir='ltr'> </span> 
     </span>
    </p>
   </div>
  </div>
 </body>
</html>
