2759 4709
340 544 342 551 ¹
387 516 390 529 '
442 521 478 592 Μ
550 499 1096 607 10.Aur0u1icAM1²AN1
1201 531 1203 536 ·

357 685 360 691 '
442 661 531 768 quod
554 685 664 765 graver
678 655 957 766 atqreiinpeditos
982 663 1077 732 armis
1115 651 1215 726 leuiter

441 773 556 841 armati
570 764 715 867 fatigare,
731 771 980 867 opprimereque
987 756 1120 836 subiecta
1134 773 1216 856 atque

259 887 269 941 “.
356 891 358 894 ’
443 852 573 970 angusti
587 875 622 940 in
634 867 717 940 valle
731 863 911 966 potuiffent.
978 869 1016 936 In
1030 861 1148 961 reliquo
1169 881 1215 926 au·

444 989 514 1049 tem
528 976 641 1044 itinere
662 966 758 1044 secuti
772 998 790 1040 a
811 989 906 1072 tergo
919 963 1012 1070 saepe
1026 960 1170 1067 praedam
1188 982 1214 1030 e·

444 1080 563 1172 ripere,
578 1079 710 1157 &,cum
729 1071 792 1144 loci
820 1076 1039 1172 opportunitas
1070 1055 1215 1137 affirillet,

268 1241 276 1255 2
441 1197 554 1252 manus
579 1171 758 1257 conserere,
791 1191 999 1247 tentaverunt.
1050 1162 1092 1241 At
1118 1169 1217 1236 Bru«

359 1357 367 1371 Ι
443 1302 605 1361 cniva,
631 1282 687 1377 q‘ui
708 1281 837 1361 omnia,
854 1301 934 1378 quae
949 1278 1076 1348 evenire
1092 1259 1215 1368 pollens,

340 1449 344 1456 .
441 1397 592 1451 eventura
614 1384 806 1478 cogitaverat
825 1433 836 1462 ‚
857 1398 990 1480 aptaque
1004 1371 1117 1450 infidiis
1137 1383 1214 1442 nota·

440 1499 529 1553 verat
542 1481 632 1564 loca,
672 1485 846 1580 equitatum
868 1505 1003 1552 omnem
1017 1484 1051 1549 in
1065 1477 1214 1577 geminam

440 1588 596 1683 partitmn
609 1588 723 1665 aciem,
739 1579 885 1656 mediuln
905 1589 1051 1684 recipere
1076 1569 1213 1677 praedam

441 1684 546 1757 iubet:
570 1681 748 1782 peditatum
768 1709 836 1756 non
863 1684 965 1784 longo
999 1677 1159 1755 intervallo
1181 1663 1216 1740 ad
1244 1757 1245 1778 q

439 1784 623 1885 occupanda
637 1783 793 1887 gradatim
808 1785 885 1880 loca
898 1784 1136 1886 praemittebat:
1163 1777 1213 1846 ho·

424 1889 537 1969 uibus
551 1888 744 1988 plerumque
759 1915 776 1958 a
798 1907 892 1988 tergo
907 1886 1130 1966 adorientibus‚
1144 1878 1212 1950 levia

420 1990 557 2077 ¹fiebant
569 1986 754 2073 certamina,
770 2015 845 2062 curn
874 2016 933 2062 nec
953 1991 1003 2062 illi
1024 1993 1211 2062 Breucum

439 2097 601 2190 impetmn
616 2094 794 2192 expediam,
803 2119 861 2163 nec
881 2095 938 2164 Bn
948 2121 973 2166 A
985 2122 1005 2166 c
1018 2123 1040 2165 n
1052 2121 1098 2164 iv
1110 2101 1213 2184 sprec*

340 2207 344 2215 ’
439 2191 515 2265 dam
528 2193 707 2294 relinquere
721 2189 878 2266 statuillet.
928 2195 1088 2267 Militibus
1114 2195 1147 2259 in
1171 2207 1212 2252 ca·

341 2353 348 2380 .
440 2296 504 2368 llra
518 2293 667 2381 redudlis,
675 2294 827 2397 praedam
842 2301 963 2370 viritim
977 2295 1140 2370 distribuit.
1153 2289 1212 2358 Sin·

441 2398 537 2500 gulis·
550 2399 702 2472 militibus
717 2396 797 2471 dena
820 2405 946 2472 circiter
959 2405 1154 2499 contigerant
1165 2409 1214 2486 per

358 2536 361 2543 ·
440 2525 527 2573 cora.
574 2502 706 2574 Postero
728 2499 793 2584 die,
813 2501 877 2572 illis
893 2518 1025 2602 unoquo
1048 2529 1088 2588 ue
1102 2493 1215 2588 suape-

439 2628 515 2674 cora
539 2599 753 2702 pascentibus,
776 2599 885 2674 dixisse
899 2630 960 2702 per
980 2605 1014 2675 io
1106 2597 1210 2670 fertur:

435 2700 545 2777 secum
559 2701 691 2805 quidem
712 2705 820 2777 adium
835 2701 898 2778 elle
934 2704 1094 2788 raeclare,
1116 2701 1165 2800 qui
1179 2711 1210 2762 (Χ

435 2805 589 2878 militibus
614 2806 757 2904 pallores
786 2733 946 2880 effeciss‘b.
1005 2811 1068 2879 His
1089 2803 1211 2878 rebusa

434 2909 528 2981 ΒΚΛ
540 2935 597 2981 cit
609 2938 655 2982 10
681 2909 787 3009 gellia,
802 2909 968 2995 Perusinis,
976 2917 1031 3013 qui
1048 2905 1147 3008 paulo
1166 2921 1211 2970 an·

433 3027 467 3090 te
481 3003 620 3113 quieturi
635 3007 692 3084 sub
707 3013 803 3112 Regia
816 3013 913 3084 tirtela
927 3012 1125 3093 videbantur,
1139 3023 1213 3078 novt

432 3108 603 3186 solicitudo
618 3112 818 3197 elliniedba,
850 3119 971 3214 quippe
992 3109 1121 3185 infenlis
1141 3123 1214 3179 cete-¹

433 3221 478 3288 ris
501 3215 659 3299 finitimis,
682 3214 770 3316 quod
783 3219 985 3312 incognitum
1002 3220 1037 3285 ὅ(
1053 3213 1213 3283 externum

339 3366 342 3373 ,
432 3313 531 3391 secuti
551 3319 689 3417 Regem,
698 3315 818 3386 bellum
833 3313 891 3411 ipli
902 3310 978 3386 'firae
991 3317 1081 3415 genti
1096 3313 1148 3385 vel
1172 3313 1208 3379 iu·

433 3412 583 3502 tulilsent,
597 3416 648 3489 rel
661 3416 785 3488 illatum
807 3416 1009 3501 comeatu,
1033 3413 1207 3488 frrnnentm

434 3525 551 3601 arniir,
565 3512 764 3602 adiuvissent,
785 3514 954 3601 solicitin'e
969 3519 1090 3622 reliqua
1099 3521 1206 3614 Hetru-

430 3623 513 3702 ria,
533 3618 577 3690 ob
611 3637 775 3694 recentem
796 3616 1028 3708 offenfionem,
1046 3619 1128 3696 fadia
1141 3637 1205 3690 cum

427 3719 555 3795 Bra-nc
570 3720 651 3796 erro
676 3718 836 3810 societate,
860 3749 1018 3825 magnum
1039 3716 1206 3826 aliquod&

429 3820 648 3928 periculosum
667 3823 791 3909 bellum
827 3831 995 3914 excitaret,
1029 3829 1203 3905 exercitur,

582 3977 587 3982 .
617 3932 624 3946 “
1016 3992 1027 4000 -
1116 3941 1202 4024 quan.
